<?xml version="1.0" encoding="UTF-8"?>
<record xmlns="http://www.loc.gov/MARC21/slim" xmlns:xsi="http://www.w3.org/2001/XMLSchema-instance" xsi:schemaLocation="http://www.loc.gov/MARC21/slim http://www.loc.gov/standards/marcxml/schema/MARC21slim.xsd">
<leader>     nam a22002531  4500</leader>
<controlfield tag="001">001680089</controlfield>
<controlfield tag="003">NNU</controlfield>
<controlfield tag="005">20001218222054.0</controlfield>
<controlfield tag="008">890301s1957    iq            000 0 ara d</controlfield>
<datafield tag="035" ind1="9" ind2=" ">
<subfield code="a">NYUb12223488</subfield>
</datafield>
<datafield tag="035" ind1=" " ind2=" ">
<subfield code="a">(MiU)notisAFS6421</subfield>
</datafield>
<datafield tag="035" ind1=" " ind2=" ">
<subfield code="a">(CStRLIN)MIUGAFS6421-B</subfield>
</datafield>
<datafield tag="040" ind1=" " ind2=" ">
<subfield code="c">SAZTEC</subfield>
<subfield code="d">CStRLIN</subfield>
</datafield>
<datafield tag="100" ind1="1" ind2=" ">
<subfield code="a">Āl Yāsīn, Muḥammad Ḥasan.</subfield>
</datafield>
<datafield tag="245" ind1="1" ind2="3">
<subfield code="a">Al-ṣāḥib ibn ʻAbbād :</subfield>
<subfield code="b">ḥayātuhu wa-adabuhu /</subfield>
<subfield code="c">taʼālīf Muḥammad Ḥasan Āl Yāsīn.</subfield>
</datafield>
<datafield tag="260" ind1=" " ind2=" ">
<subfield code="a">Baghdād :</subfield>
<subfield code="b">Maṭbaʻat al-Maʻārif,</subfield>
<subfield code="c">[1957]</subfield>
</datafield>
<datafield tag="300" ind1=" " ind2=" ">
<subfield code="a">288 p.</subfield>
</datafield>
<datafield tag="490" ind1="0" ind2=" ">
<subfield code="a">Maktabat al-Ṣāḥib ibn ʻAbbād ;</subfield>
<subfield code="v">1.</subfield>
</datafield>
<datafield tag="500" ind1=" " ind2=" ">
<subfield code="a">Cover title: al- Sahib ibn ʻAbbad.</subfield>
</datafield>
<datafield tag="500" ind1=" " ind2=" ">
<subfield code="a">At head of title: Dār al-Maʻārif lil-Taʼālīf wa-al-Tarjamah wa-al-Nashr.</subfield>
</datafield>
<datafield tag="546" ind1=" " ind2=" ">
<subfield code="a">Added cover title in English.</subfield>
</datafield>
<datafield tag="700" ind1="1" ind2=" ">
<subfield code="a">Ṣāḥib al-Ṭālqānī, Abū al-Qāsim Ismāʻīl ibn ʻAbbād,</subfield>
<subfield code="d">936-995.</subfield>
</datafield>
<datafield tag="OWN" ind1=" " ind2=" ">
<subfield code="a">GENERAL</subfield>
</datafield>
<datafield tag="950" ind1=" " ind2=" ">
<subfield code="l">BMAIN</subfield>
<subfield code="a">PJ7750.S26</subfield>
<subfield code="b">Z6</subfield>
</datafield>
<datafield tag="955" ind1=" " ind2=" ">
<subfield code="l">BMAIN</subfield>
<subfield code="c">1</subfield>
<subfield code="r">028860107</subfield>
</datafield>
<datafield tag="998" ind1=" " ind2=" ">
<subfield code="s">9665</subfield>
</datafield>
<datafield tag="AVA" ind1=" " ind2=" ">
<subfield code="a">NYU50</subfield>
<subfield code="b">BOBST</subfield>
<subfield code="c">Main Collection</subfield>
<subfield code="d">PJ7750.S26 Z6</subfield>
<subfield code="e">unavailable</subfield>
<subfield code="t">Unavailable</subfield>
<subfield code="f">1</subfield>
<subfield code="g">1</subfield>
<subfield code="h">N</subfield>
<subfield code="i">1</subfield>
<subfield code="j">MAIN</subfield>
</datafield>
</record>
